@article{vdP,
  author  = {L.J. van der Pauw}, 
  title   = {A method of measuring specific resistivity and Hall effect of discs of arbitrary shape},
  journal = {Philips Research Reports},
  year    = 1958,
  volume  = 13,
  pages   = {1-9}
}