@article{key,
	author = {Arthur B Cummings and David Eftekhary and Frank G House},
	title = {The accurate determination of college studentsâ€™ coefficients of friction},
	journal = {Journal of Sketchy Physics},
	volume = {13},
	year = {2003},
	number = {2},
	pages = {46--129}
}

@book{key2 ,
	author = {I J Kuss},
	title = {On the Importance of Kissing Up to Your Boss},
	edition = {5},
	publisher = {Dilbert Books},
	address = {Cambridge MA},
	year = {1995}
}

@phdthesis{key3,
	author = {O P Qwerty},
	title = {History of the Goofy Layout of Keyboards},
	publisher = {Podunk University Arcana Department},
	address = {Podunk IN},
	year = {1996}
}

@incollection{key4,
	author = {Tom Upsilon},
	title = {Obscure Greek letters and their meanings in mathematics and the sciences},
	editor = {V W Xavier},
	booktitle = {Proceedings of the seventh international trivia conference},
	publisher = {Last Resort Publishers},
	address = {Philadelphia PA},
	year = {1987},
	pages = {129--158}
}

@misc{key5,
	author = {James Tetazoo},
	title = {A brief guide to recreational pyromania},
	howpublished = {Available at \url{http://www.blowinglotsofweirdstuffup.com/guide.html} (2005/06/12)}
}