@article{cappelli2003cotton,
  title={The {Cotton-Mouton} effect of furan and its homologues in the gas phase, for the pure liquids and in solution},
  author={Cappelli, Chiara and Rizzo, Antonio and Mennucci, Benedetta and Tomasi, Jacopo and Cammi, Roberto and Rikken, Geert LJA and Mathevet, Renaud and Rizzo, Carlo},
  journal={The Journal of chemical physics},
  volume={118},
  number={23},
  pages={10712--10724},
  year={2003},
  publisher={AIP}
}

@article{wilson1997simple,
  title={A simple apparatus for the measurement of the {Cotton-Mouton} effect in particulate suspensions},
  author={Wilson, Stephen R and Ridler, Peter J and Jennings, Barry R},
  journal={IEEE Transactions on Magnetics},
  volume={33},
  number={5},
  pages={4349--4358},
  year={1997},
  publisher={IEEE}
}

@article{freiser1968survey,
  title={A survey of magnetooptic effects},
  author={Freiser, Ml},
  journal={IEEE Transactions on magnetics},
  volume={4},
  number={2},
  pages={152--161},
  year={1968},
  publisher={IEEE}
}

@article{montarou2004two,
  title={Two-wave-plate compensator method for single-point retardation measurements},
  author={Montarou, Carole C and Gaylord, Thomas K},
  journal={Applied optics},
  volume={43},
  number={36},
  pages={6580--6595},
  year={2004},
  publisher={Optical Society of America}
}

@article{note19923,
  title={3. About {Lock-in Amplifiers}},
  author={Note, Application},
  journal={Stanford Research Systems, Scientific and Engineering Instruments},
  volume={1993},
  pages={129},
  year={1992}
}
