@incollection{Bhushan,
	doi = {10.1007/3-540-28248-3_2},
	url = {https://doi.org/10.1007/3-540-28248-3_2},
	publisher = {Springer-Verlag},
	pages = {591--635},
	author = {Bharat Bhushan and Othmar Marti},
	title = {Scanning Probe Microscopy {\textemdash} Principle of Operation,  Instrumentation,  and Probes},
	booktitle = {Nanotribology and Nanomechanics}
}