@book{feynman,
  title={The Feynman Lectures on Physics, Vol. II: The New Millennium Edition: Mainly Electromagnetism and Matter},
  author={Feynman, R.P. and Leighton, R.B. and Sands, M.},
  isbn={9780465024940},
  lccn={2010938208},
  series={Feynman Lectures on Physics},
  url={https://books.google.de/books?id=hlRhwGK40fgC},
  year={2011},
  publisher={Basic Books}
}

@book{hariharan_2002,
  place={Cambridge},
  title={Basics of Holography},
  DOI={10.1017/CBO9780511755569},
  publisher={Cambridge University Press},
  author={Hariharan, P.},
  year={2002}
}

@misc{griffiths2005introduction,
  title={Introduction to Electrodynamics},
  author={Griffiths, David J},
  year={2005},
  publisher={AAPT}
}

@book{fowles1989introduction,
  title={Introduction to modern optics},
  author={Fowles, Grant R},
  year={1989},
  publisher={Courier Corporation}
}

@book{svelto2010principles,
  title={Principles of Lasers},
  author={Svelto, O.},
  isbn={9781441913029},
  lccn={2009940423},
  url={https://books.google.de/books?id=ioywRI5W2HEC},
  year={2010},
  publisher={Springer US}
}
